@article{dong2015image,
  title={Image super-resolution using deep convolutional networks},
  author={Dong, Chao and Loy, Chen Change and He, Kaiming and Tang, Xiaoou},
  journal={IEEE transactions on pattern analysis and machine intelligence},
  volume={38},
  number={2},
  pages={295--307},
  year={2015},
  publisher={IEEE}
}

@book{abd2012image,
  title={Image super-resolution and applications},
  author={Abd El-Samie, Fathi E and Hadhoud, Mohiy M and El-Khamy, Said E},
  year={2012},
  publisher={CRC press}
}

@online{ wiki:ycbcr,
  title = "YCbCr --- {W}ikipedia{,} The Free Encyclopedia",
  url = "https://de.wikipedia.org/wiki/YCbCr-Farbmodell#/media/Datei:Barns_grand_tetons_YCbCr_separation.jpg",
  note = "(Online; accessed 11.Feb.2021)"
}

@online{ zedboard,
  title = "ZedBoard",
  url = "http://zedboard.org/product/zedboard",
  note = "(Online; accessed 12.Feb.2021)"
}

@online{ xillibus,
  title = "Xillibus IP core product brief",
  url = "http://xillybus.com/downloads/xillybus_product_brief.pdf",
  year={2020},
  note = "(Online; accessed 12.Feb.2021)"
}

@online{ PSNR,
  title = "Compute peak signal-to-noise ratio (PSNR) between images",
  url = "https://de.mathworks.com/help/vision/ref/psnr.html",
  note = "(Online; accessed 17.Feb.2021)"
}

@article{ssim,
  title={Image Quality Assessment: From Error Visibility to Structural Similarity},
  author={Zhou Wang, Alan Conrad Bovik, Hamid Rahim Sheikh and Eero P. Simoncelli},
  journal={IEEE transactions on image processing},
  volume={13},
  number={4},
  pages={600--612},
  year={2004},
  publisher={IEEE}
}

@article{SC,
  title={Image super-resolution via sparse representation},
  author={Yang, Jianchao and Wright, John and Huang, Thomas S and Ma, Yi},
  journal={IEEE transactions on image processing},
  volume={19},
  number={11},
  pages={2861--2873},
  year={2010},
  publisher={IEEE}
}

@article{NELLE,
  title={Super-resolution through neighbor embedding},
  author={Chang, Hong and Yeung, Dit-Yan and Xiong, Yimin},
  volume={1},
  year={2004},
  publisher={IEEE}
}

@article{KK,
  title={Single-image super-resolution using sparse regression and natural image prior},
  author={Kim, Kwang In and Kwon, Younghee},
  journal={IEEE transactions on pattern analysis and machine intelligence},
  volume={32},
  number={6},
  pages={1127--1133},
  year={2010},
  publisher={IEEE}
}

@inproceedings{ANR,
  title={Anchored neighborhood regression for fast example-based super-resolution},
  author={Timofte, Radu and De Smet, Vincent and Van Gool, Luc},
  booktitle={Proceedings of the IEEE international conference on computer vision},
  pages={1920--1927},
  year={2013}
}

@inproceedings{A+,
  title={A+: Adjusted anchored neighborhood regression for fast super-resolution},
  author={Timofte, Radu and De Smet, Vincent and Van Gool, Luc},
  booktitle={Asian conference on computer vision},
  pages={111--126},
  year={2014},
  organization={Springer}
}

@inproceedings{MSSSIM,
  title={Multiscale structural similarity for image quality assessment},
  author={Wang, Zhou and Simoncelli, Eero P and Bovik, Alan C},
  booktitle={The Thrity-Seventh Asilomar Conference on Signals, Systems \& Computers, 2003},
  volume={2},
  pages={1398--1402},
  year={2003},
  organization={Ieee}
}

@article{IFC,
  title={An information fidelity criterion for image quality assessment using natural scene statistics},
  author={Sheikh, Hamid R and Bovik, Alan C and De Veciana, Gustavo},
  journal={IEEE Transactions on image processing},
  volume={14},
  number={12},
  pages={2117--2128},
  year={2005},
  publisher={Ieee}
}

@article{NQM,
  title={Image quality assessment based on a degradation model},
  author={Damera-Venkata, Niranjan and Kite, Thomas D and Geisler, Wilson S and Evans, Brian L and Bovik, Alan C},
  journal={IEEE transactions on image processing},
  volume={9},
  number={4},
  pages={636--650},
  year={2000},
  publisher={IEEE}
}

@article{sharma2016design,
  title={Design of high speed power efficient wallace tree adders},
  author={Sharma, Sakshi and Thakur, Pallavi},
  journal={Available at SSRN 2777887},
  year={2016}
}